
    <record>
        <leader>00988nas a2200193z  4500</leader>
        <controlfield tag="001">aignoredCallnum</controlfield>
        <controlfield tag="008">071214uuuuuuuuuxx uu |ss    u|    |||| d</controlfield>
        <datafield tag="245" ind1="1" ind2=" ">
            <subfield code="a">as is ignored callnum</subfield>
        </datafield>
        <datafield tag="999" ind1=" " ind2=" ">
            <subfield code="a">NO CALL NUMBER</subfield>
            <subfield code="w">ASIS</subfield>
            <subfield code="c">1</subfield>
            <subfield code="i">77</subfield>
            <subfield code="l">STACKS</subfield>
            <subfield code="m">GREEN</subfield>
            <subfield code="r">N</subfield>
            <subfield code="s">Y</subfield>
            <subfield code="t">SUL</subfield>
            <subfield code="u">12/15/2007</subfield>
            <subfield code="z">TAX=8.25</subfield>
        </datafield>
    </record>