
    <record>
        <leader>00988nas a2200193z  4500</leader>
        <controlfield tag="001">amultOther</controlfield>
        <controlfield tag="008">071214uuuuuuuuuxx uu |ss    u|    |||| d</controlfield>
        <datafield tag="245" ind1="1" ind2=" ">
            <subfield code="a">multiple other call numbers of diff lengths</subfield>
        </datafield>
        <datafield tag="999" ind1=" " ind2=" ">
            <subfield code="a">ABCD1234</subfield>
            <subfield code="w">ALPHANUM</subfield>
            <subfield code="c">1</subfield>
            <subfield code="i">44</subfield>
            <subfield code="l">STACKS</subfield>
            <subfield code="m">GREEN</subfield>
        </datafield>
        <datafield tag="999" ind1=" " ind2=" ">
            <subfield code="a">1234 56789</subfield>
            <subfield code="w">ASIS</subfield>
            <subfield code="c">1</subfield>
            <subfield code="i">45</subfield>
            <subfield code="l">STACKS</subfield>
            <subfield code="m">GREEN</subfield>
        </datafield>
    </record>