
    <record>
        <leader>01767nam a22003614a 4500</leader>
        <controlfield tag="001">anoItems</controlfield>
        <controlfield tag="008">090721s2009    gw a     b    000 0 ger c</controlfield>
        <datafield tag="245" ind1=" " ind2=" ">
            <subfield code="a">no items</subfield>
        </datafield>
    </record>