
    <record>
        <leader>00988nas a2200193z  4500</leader>
        <controlfield tag="001">aoneEach</controlfield>
        <controlfield tag="008">071214uuuuuuuuuxx uu |ss    u|    |||| d</controlfield>
        <datafield tag="245" ind1="1" ind2=" ">
            <subfield code="a">one of each location type</subfield>
        </datafield>
        <datafield tag="999" ind1=" " ind2=" ">
            <subfield code="a">M1503 .A5</subfield>
            <subfield code="w">LC</subfield>
            <subfield code="c">1</subfield>
            <subfield code="i">11</subfield>
            <subfield code="l">STACKS</subfield>
            <subfield code="m">GREEN</subfield>
        </datafield>
        <datafield tag="999" ind1=" " ind2=" ">
            <subfield code="a">111.11 .A5</subfield>
            <subfield code="w">DEWEY</subfield>
            <subfield code="c">1</subfield>
            <subfield code="i">22</subfield>
            <subfield code="l">STACKS</subfield>
            <subfield code="m">GREEN</subfield>
        </datafield>
        <datafield tag="999" ind1=" " ind2=" ">
            <subfield code="a">A 13.78:NC-315</subfield>
            <subfield code="w">SUDOC</subfield>
            <subfield code="c">1</subfield>
            <subfield code="i">33</subfield>
            <subfield code="l">STACKS</subfield>
            <subfield code="m">GREEN</subfield>
        </datafield>
        <datafield tag="999" ind1=" " ind2=" ">
            <subfield code="a">ABCD1234</subfield>
            <subfield code="w">ALPHANUM</subfield>
            <subfield code="c">1</subfield>
            <subfield code="i">44</subfield>
            <subfield code="l">STACKS</subfield>
            <subfield code="m">GREEN</subfield>
        </datafield>
    </record>