
    <record>
        <leader>01767nam a22003614a 4500</leader>
        <controlfield tag="001">aoneSudoc</controlfield>
        <controlfield tag="008">090721s2009    gw a     b    000 0 ger c</controlfield>
        <datafield tag="245" ind1=" " ind2=" ">
            <subfield code="a">single Sudoc item</subfield>
        </datafield>
        <datafield tag="999" ind1=" " ind2=" ">
            <subfield code="a">A 13.78:NC-315</subfield>
            <subfield code="w">SUDOC</subfield>
            <subfield code="c">1</subfield>
            <subfield code="i">33</subfield>
            <subfield code="l">STACKS</subfield>
            <subfield code="m">GREEN</subfield>
        </datafield>
    </record>